@book
{
    MHJ,
    AUTHOR = {},
     TITLE = {},
 PUBLISHER = {},
      YEAR = {},
      URL = {}
}

@online
{   
    ScikitLRandom,
    AUTHOR = {scikit-learn.org},
    TITLE = {3.2.4.3.1. sklearn.ensemble.RandomForestClassifier},
    PUBLISHER = {scikit-learn.org},
    YEAR = {Unknown},
    URL = {https://scikit-learn.org/stable/modules/generated/sklearn.ensemble.RandomForestClassifier.html}

}

@online
{   
    yelp,
    AUTHOR = {Yelp},
    TITLE = {An Introduction to Yelp Metrics as of September 30, 2019},
    YEAR = {2019},
    URL = {https://www.yelp-press.com/company/fast-facts/default.aspx}

}

@online
{   
    ScikitLRandomTrees,
    AUTHOR = {scikit-learn.org},
    TITLE = {3.2.4.3.3. sklearn.ensemble.ExtraTreesClassifier},
    PUBLISHER = {scikit-learn.org},
    YEAR = {Unknown},
    URL = {https://scikit-learn.org/stable/modules/generated/sklearn.ensemble.ExtraTreesClassifier.html}

}

@book
{
    oppgave,
    AUTHOR = {Morten Hjort Jensen},
    TITLE = {Project 1},
    PUBLISHER = {Department of Physics, University of Oslo},
    YEAR = {2018},
    URL = {https://github.com/ManyBodyPhysics/FYS4480/blob/master/doc/Projects/2018/Project1/pdf/Project1.pdf}
}

@book
{
    Morten1,
    AUTHOR = {Morten Hjort Jensen},
    TITLE = {Data Analysis and Machine Learning: Logistic Regression},
    PUBLISHER = {Department of Physics, University of Oslo},
    YEAR = {2019},
    URL = {https://compphysics.github.io/MachineLearning/doc/pub/LogReg/html/LogReg.html}
}

@book
{
    Morten3,
    AUTHOR = {Morten Hjort Jensen},
    TITLE = {Data Analysis and Machine Learning: Neural networks, from the simple perceptron to deep learning},
    PUBLISHER = {Department of Physics, University of Oslo},
    YEAR = {2019},
    URL = {https://compphysics.github.io/MachineLearning/doc/pub/NeuralNet/html/NeuralNet.html}
}



@book
{
    Project2,
    AUTHOR = {Vala M. Valsdottir & Per-Dimitri B. SÃ¸nderland},
    TITLE = {Classification and Regression, From Linear and Logistic Regression to Neural Network Project 2},
    PUBLISHER = {Department of Physics, University of Oslo},
    YEAR = {2019},
    URL = {https://github.com/valamaria89/FYS-STK4155-Project1/blob/master/Project%202/FYS_STK4155_Project_2.pdf}
}

@book
{
    shavittnbartless,
    AUTHOR = {Isaiah Shavitt, Rodney J Bartlett},
    TITLE = {Many-Body Methods in Chemistry and Physics},
    PUBLISHER = {Cambridge University Press},
    YEAR = {2009}
}

@book
{
    advanced,
    AUTHOR = {Morten Hjorth Jensen, Maria Paola Lombardo, Ubirajara van Kolck},
    TITLE = {Advanced Computational Nuclear Physics},
    PUBLISHER = {Springer},
    YEAR = {2009}
}
@book
{
    statelem,
    AUTHOR = {Trevor Hastie, Robert Tibshirani, Jerome Friedman},
     TITLE = {The Elements of Statistical Learning},
 PUBLISHER = {Springer},
      YEAR = {2017},
}
@online
{
    STATQUEST,
    AUTHOR = {statquest.org, Josh Starmer},
    TITLE = {StatQuest},
    PUBLISHER = {statquest.org},
    YEAR = {Unknown},
    URL = {https://statquest.org/video-index/}
}

@Article{Breiman1996,
author="Breiman, Leo",
title="Bagging predictors",
journal="Machine Learning",
year="1996",
issn="1573-0565",
doi="10.1007/BF00058655",
url="https://doi.org/10.1007/BF00058655"
}
