@book
{
    MHJ,
    AUTHOR = {},
     TITLE = {},
 PUBLISHER = {},
      YEAR = {},
      URL = {}
}

@book
{
    oppgave,
    AUTHOR = {Morten Hjort Jensen},
    TITLE = {Project 1},
    PUBLISHER = {Department of Physics, University of Oslo},
    YEAR = {2018},
    URL = {https://github.com/ManyBodyPhysics/FYS4480/blob/master/doc/Projects/2018/Project1/pdf/Project1.pdf}
}

@book
{
    shavittnbartless,
    AUTHOR = {Isaiah Shavitt, Rodney J Bartlett},
    TITLE = {Many-Body Methods in Chemistry and Physics},
    PUBLISHER = {Cambridge University Press},
    YEAR = {2009}
}

@book
{
    advanced,
    AUTHOR = {Morten Hjorth Jensen, Maria Paola Lombardo, Ubirajara van Kolck},
    TITLE = {Advanced Computational Nuclear Physics},
    PUBLISHER = {Springer},
    YEAR = {2009}
}
@book
{
    statelem,
    AUTHOR = {Trevor Hastie, Robert Tibshirani, Jerome Friedman},
     TITLE = {The Elements of Statistical Learning},
 PUBLISHER = {Springer},
      YEAR = {2017},
}

@ARTICLE{mehta,
   author = {{Mehta}, P. and {Bukov}, M. and {Wang}, C.-H. and {Day}, A.~G.~R. and 
  {Richardson}, C. and {Fisher}, C.~K. and {Schwab}, D.~J.},
    title = "{A high-bias, low-variance introduction to Machine Learning for physicists}",
  journal = {ArXiv e-prints},
archivePrefix = "arXiv",
   eprint = {1803.08823},
 primaryClass = "physics.comp-ph",
 keywords = {Physics - Computational Physics, Condensed Matter - Statistical Mechanics, Computer Science - Machine Learning, Statistics - Machine Learning},
     year = 2018,
    month = mar,
   adsurl = {http://adsabs.harvard.edu/abs/2018arXiv180308823M},
  adsnote = {Provided by the SAO/NASA Astrophysics Data System}
}

@article{onsager,
  title={Crystal statistics. I. A two-dimensional model with an order-disorder transition},
  author={Onsager, Lars},
  journal={Physical Review},
  volume={65},
  number={3-4},
  pages={117},
  year={1944},
  publisher={APS}
}